<record><leader>00000cas a22000007a 4500</leader><controlfield tag="001">9419244</controlfield><controlfield tag="008">830416d18931895ohucr ne      0    0eng d</controlfield><datafield ind1=" " ind2=" " tag="010"><subfield code="a">sn 83035047 </subfield></datafield><datafield ind1=" " ind2=" " tag="040"><subfield code="a">NPY</subfield><subfield code="b">eng</subfield><subfield code="c">NPY</subfield><subfield code="d">ONP</subfield><subfield code="d">OCL</subfield><subfield code="d">OCLCQ</subfield><subfield code="d">OCLCF</subfield><subfield code="d">OCLCO</subfield></datafield><datafield ind1="1" ind2=" " tag="029"><subfield code="a">AU@</subfield><subfield code="b">000020412269</subfield></datafield><datafield ind1=" " ind2=" " tag="042"><subfield code="a">msc</subfield></datafield><datafield ind1="0" ind2=" " tag="130"><subfield code="a">Graphic (Ravenna, Ohio : 1893)</subfield></datafield><datafield ind1="0" ind2="4" tag="245"><subfield code="a">The Graphic.</subfield></datafield><datafield ind1=" " ind2=" " tag="260"><subfield code="a">Ravenna, Ohio :</subfield><subfield code="b">Sherwood Press,</subfield><subfield code="c">1893-1895.</subfield></datafield><datafield ind1=" " ind2=" " tag="300"><subfield code="a">v.</subfield></datafield><datafield ind1=" " ind2=" " tag="310"><subfield code="a">Semiweekly</subfield></datafield><datafield ind1="0" ind2=" " tag="362"><subfield code="a">Vol. 1, no. 1 (Dec. 1, 1893)-v. 2, no. 49 (May 28, 1895).</subfield></datafield><datafield ind1=" " ind2=" " tag="500"><subfield code="a">"Independent semi-weekly devoted to the interests of Portage County."</subfield></datafield><datafield ind1=" " ind2=" " tag="500"><subfield code="a">Published every Tuesday and Friday.</subfield></datafield><datafield ind1=" " ind2="0" tag="651"><subfield code="a">Ravenna (Ohio)</subfield><subfield code="v">Newspapers.</subfield></datafield><datafield ind1=" " ind2="0" tag="651"><subfield code="a">Portage County (Ohio)</subfield><subfield code="v">Newspapers.</subfield></datafield><datafield ind1=" " ind2="7" tag="655"><subfield code="a">Newspapers.</subfield><subfield code="2">fast</subfield><subfield code="0">(OCoLC)fst01423814</subfield></datafield><datafield ind1=" " ind2="7" tag="651"><subfield code="a">Ohio</subfield><subfield code="z">Portage County.</subfield><subfield code="2">fast</subfield><subfield code="0">(OCoLC)fst01206645</subfield></datafield><datafield ind1=" " ind2="7" tag="651"><subfield code="a">Ohio</subfield><subfield code="z">Ravenna.</subfield><subfield code="2">fast</subfield><subfield code="0">(OCoLC)fst01235760</subfield></datafield><datafield ind1=" " ind2=" " tag="752"><subfield code="a">United States</subfield><subfield code="b">Ohio</subfield><subfield code="c">Portage</subfield><subfield code="d">Ravenna.</subfield></datafield><datafield ind1="0" ind2="0" tag="785"><subfield code="t">Ravenna graphic</subfield><subfield code="w">(DLC)sn 83035108</subfield></datafield></record>